<?xml version="1.0" encoding="UTF-8"?><collection xmlns="http://www.loc.gov/MARC21/slim"><record><leader>00399nam--2200133-i-4500</leader><controlfield tag="001">000029119</controlfield><controlfield tag="002">20161230</controlfield><controlfield tag="005">20161230201037</controlfield><controlfield tag="008">060222s1000------------r-----000-0-eng-d</controlfield><datafield ind1=" " ind2=" " tag="080"><subfield code="a">539.143.43:547:53.081</subfield></datafield><datafield ind1=" " ind2=" " tag="100"><subfield code="a">Levy, George C., Nelson, Gordon L</subfield></datafield><datafield ind1=" " ind2=" " tag="245"><subfield code="a">Carbon-13 nuclear magnetic resonance for organic chemists</subfield></datafield><datafield ind1=" " ind2=" " tag="260"><subfield code="a">New York, Wiley - Interscience, 1972, Xiii + 222p</subfield></datafield><datafield ind1=" " ind2=" " tag="852"><subfield code="a">38461</subfield></datafield></record></collection>